<record><leader>00979cam a2200289 a 4500</leader><controlfield tag="001">1295856</controlfield><controlfield tag="008">900703s1985    enka   e          0 eng c</controlfield><datafield ind1=" " ind2=" " tag="020"><subfield code="a">185007061X</subfield></datafield><datafield ind1=" " ind2=" " tag="035"><subfield code="a">ocm17420941</subfield></datafield><datafield ind1=" " ind2=" " tag="040"><subfield code="b">eng</subfield></datafield><datafield ind1=" " ind2=" " tag="049"><subfield code="a">AEU</subfield><subfield code="b">eng</subfield></datafield><datafield ind1=" " ind2="3" tag="055"><subfield code="a">PK 6513</subfield><subfield code="b">A1 1985</subfield></datafield><datafield ind1="0" ind2="4" tag="082"><subfield code="a">891.551</subfield></datafield><datafield ind1="0" ind2=" " tag="090"><subfield code="a">PK 6513 A1 1985</subfield></datafield><datafield ind1="0" ind2=" " tag="100"><subfield code="a">Omar Khayyam.</subfield></datafield><datafield ind1="1" ind2="0" tag="240"><subfield code="a">Rub&#257;&#699;&#299;y&#257;t.</subfield><subfield code="l">English</subfield></datafield><datafield ind1="1" ind2="0" tag="245"><subfield code="a">Rub&#225;iy&#225;t of Omar Khayy&#225;m /</subfield><subfield code="c">rendered into English verse by Edward Fitzgerald ; illustrated by Edmund Dulac.</subfield></datafield><datafield ind1=" " ind2=" " tag="260"><subfield code="a">Ware, Eng. :</subfield><subfield code="b">Omega Books,</subfield><subfield code="c">1985.</subfield></datafield><datafield ind1=" " ind2=" " tag="300"><subfield code="a">1 v. (unpaged) :</subfield><subfield code="b">col. ill. ;</subfield><subfield code="c">27 cm.</subfield></datafield><datafield ind1=" " ind2=" " tag="336"><subfield code="a">text</subfield><subfield code="b">txt</subfield><subfield code="2">rdacontent</subfield></datafield><datafield ind1=" " ind2=" " tag="337"><subfield code="a">unmediated</subfield><subfield code="b">n</subfield><subfield code="2">rdamedia</subfield></datafield><datafield ind1=" " ind2=" " tag="338"><subfield code="a">volume</subfield><subfield code="b">nc</subfield><subfield code="2">rdacarrier</subfield></datafield><datafield ind1="1" ind2=" " tag="490"><subfield code="a">Classic collector's series.</subfield></datafield><datafield ind1=" " ind2=" " tag="596"><subfield code="a">43</subfield></datafield><datafield ind1="1" ind2=" " tag="700"><subfield code="a">FitzGerald, Edward.</subfield></datafield><datafield ind1=" " ind2="0" tag="830"><subfield code="a">Classic collector's series.</subfield></datafield><datafield ind1=" " ind2=" " tag="926"><subfield code="a">PK 6513 A1 1985</subfield><subfield code="w">LC</subfield><subfield code="c">1</subfield><subfield code="i">000033116294</subfield><subfield code="d">11/22/2007</subfield><subfield code="e">11/13/2007</subfield><subfield code="l">ON_SHELF</subfield><subfield code="m">UAHSS</subfield><subfield code="n">11</subfield><subfield code="p">$150.00</subfield><subfield code="r">Y</subfield><subfield code="s">Y</subfield><subfield code="t">BOOK</subfield><subfield code="u">7/27/1990</subfield></datafield></record>